@book{okumura2020,
  author    = {奥村 晴彦 and 黒木 裕介},
  title     = {LaTeX2ε美文書作成入門},
  publisher = {技術評論社},
  year      = {2020}
}

@misc{github,
  howpublished = {\url{https://github.com/kaityo256/rbs}}
}